0                 01WBC       Westpac Bank              Disburse    2023-06-06                                        
1123-4560035485609N5000002295.5MyDay Owner - CliqPack          Mytown Property   123-456987654321Mytown Trust    00000000
1123-456123456789N5000002295.5Mytown Trust                    Batch 155         123-456987654321Mytown Trust    00000000
7999-999            000000000000002295.500002295.5                        000002                                        
