0                 01UCB       United Commercial Bank    Disburse    2023-09-25                                        
1123-4560035485609N500005965.33Satyam Theatre Owner            Mytown Property   123-456987654321Mytown Trust    00000000
1123-456123456789N500005965.33Mytown Trust                    Batch 155         123-456987654321Mytown Trust    00000000
7999-999            00000000000005965.330005965.33                        000002                                        
