0                 01UCB       United Commercial Bank    Disburse    2023-10-27                                        
1344-4340004555324N500000005470Kane Williamson, & William SmithMytown Property   123-456987654321Mytown Trust    00000000
1123-456123456789N500000005470Mytown Trust                    Batch 155         123-456987654321Mytown Trust    00000000
7999-999            000000000000000054700000005470                        000002                                        
