0                 01UCB       United Bank               001100Disburse    281223                                        
1344-4340000445455N500000002500Walt Disney                     Trust Bank   123-456987654321United Bank                   00000000
1123-456123456789N500000002500United Bank                                   Batch          123-456987654321United Bank                   00000000
7999-999            000000000000000025000000002500                        000002                                        
