0                 01MBL       Mytown Trust              000000Disburse    2023-05-26                                        
1123-456123456789N500000000500Property Tenant Two             Mytown Property   123-456987654321Mytown Trust    00000000
1123-456123456789N500000004250MyDay Owner                     Mytown Property   123-456987654321Mytown Trust    00000000
1123-456123456789N500000004750Mytown Trust                    Batch 155         123-456987654321Mytown Trust    00000000
7999-999            000000000000000047500000004750                        000002                                        
