0                 01UCB       United Commercial Bank    Disburse    2023-09-26                                        
1123-4560035485609N500000000930William Street Owner            Mytown Property   123-456987654321Mytown Trust    00000000
1123-456123456789N500000000930Mytown Trust                    Batch 155         123-456987654321Mytown Trust    00000000
7999-999            000000000000000009300000000930                        000002                                        
