0                 01UCB       United Commercial Bank    Disburse    2023-12-28                                        
1344-4340000445455N500000000800Walt Disney                     Mytown Property   123-456987654321Mytown Trust    00000000
1123-456123456789N500000000800Mytown Trust                    Batch 155         123-456987654321Mytown Trust    00000000
7999-999            000000000000000008000000000800                        000002                                        
