0                 01WBC       Westpac Bank              Disburse    2023-05-31                                        
1063-1090000100111N500000000500Denim Properties - Denim        Mytown Property   123-456987654321Mytown Trust    00000000
1923-1000035485609N500000000650Property Owner two              Mytown Property   123-456987654321Mytown Trust    00000000
1233-4550033422345N500000000150Property Tenant Two             Mytown Property   123-456987654321Mytown Trust    00000000
1123-456123456789N500000001300Mytown Trust                    Batch 155         123-456987654321Mytown Trust    00000000
7999-999            000000000000000013000000001300                        000002                                        
