0                 01UCB       United Commercial Bank    Disburse    2023-09-25                                        
1123-4560035485609N500000004168MyDay Owner                     Mytown Property   123-456987654321Mytown Trust    00000000
1123-456123456789N500000004168Mytown Trust                    Batch 155         123-456987654321Mytown Trust    00000000
7999-999            000000000000000041680000004168                        000002                                        
