0                 01UCB       United Bank               001100Disburse    281223                                        
1123-4560000001111N500288961.84Jhonny Dep                      Trust Bank   123-456987654321United Bank                   00000000
1123-456123456789N500288961.84United Bank                                   Batch 13         123-456987654321United Bank                   00000000
7999-999            00000000000288961.840288961.84                        000002                                        
