0                 01MBL       Mytown Trust              000000Disburse    2023-05-11                                        
1123-456123456789N500000001400MyDay Owner                     Mytown Property   123-456987654321Mytown Trust    00000000
1123-456123456789N500000001400Mytown Trust                    Batch 155         123-456987654321Mytown Trust    00000000
7999-999            000000000000000014000000001400                        000002                                        
