0                 01MBL       Mytown Trust              000000Disburse    2023-03-02                                        
1123-456123456789N500000000500Mokaddis Alif                   Mytown Property   123-456987654321Mytown Trust    00000000
1123-456123456789N500000000256Primary Owner                   Mytown Property   123-456987654321Mytown Trust    00000000
1123-456123456789N500000000756Mytown Trust                    Batch 155         123-456987654321Mytown Trust    00000000
7999-999            000000000000000007560000000756                        000002                                        
