0                 01UCB       United Bank               Disburse    2023-12-28                                        
1344-4340000445455N500000000700Walt Disney                     Mytown Property   123-456987654321Mytown Trust    00000000
1123-456123456789N500000000700Mytown Trust                    Batch 155         123-456987654321Mytown Trust    00000000
7999-999            000000000000000007000000000700                        000002                                        
