0                 01UCB       United Bank               001100Disburse    281223                                        
1345-3450000435435N500000005000Lofty  Avenue - Avenue          Trust Bank   123-459987123456United Bank                   00000000
1123-459987123456N500000005000United Bank                                   Batch 17         123-459987123456United Bank                   00000000
7999-999            000000000000000050000000005000                        000002                                        
