0                 01UCB       United Commercial Bank    Disburse    2023-09-26                                        
1123-4560035485609N500001970.27MyDay Owner                     Mytown Property   123-456987654321Mytown Trust    00000000
1123-456123456789N500001970.27Mytown Trust                    Batch 155         123-456987654321Mytown Trust    00000000
7999-999            00000000000001970.270001970.27                        000002                                        
