0                 01MBL       Mytown Trust              000000Disburse    2023-05-26                                        
1123-456123456789N500000001600MyDay Owner                     Mytown Property   123-456987654321Mytown Trust    00000000
1123-456123456789N500000001600Mytown Trust                    Batch 155         123-456987654321Mytown Trust    00000000
7999-999            000000000000000016000000001600                        000002                                        
