0                 01MBL       Mytown Trust              000000Disburse    2023-03-09                                        
1123-456123456789N500000000486WOwner W                        Mytown Property   123-456987654321Mytown Trust    00000000
1123-456123456789N500000000486Mytown Trust                    Batch 155         123-456987654321Mytown Trust    00000000
7999-999            000000000000000004860000000486                        000002                                        
