0                 01UCB       United Bank               001100Disburse    281223                                        
1345-3450000435435N500000006000Lofty  Avenue - Avenue          Trust Bank   -United Bank                   00000000
1-N500000006000United Bank                                   Batch 15         -United Bank                   00000000
7999-999            000000000000000060000000006000                        000002                                        
