0                 01WBC       Westpac Bank              Disburse    2023-06-25                                        
1063-1090010886764N500000000040World Way Tenant                Mytown Property   123-456987654321Mytown Trust    00000000
1123-456123456789N500000000040Mytown Trust                    Batch 155         123-456987654321Mytown Trust    00000000
7999-999            000000000000000000400000000040                        000002                                        
