0                 01MBL       Mytown Trust              000000Disburse    2023-05-27                                        
1123-456123456789N500000000600Denim Properties - Denim        Mytown Property   123-456987654321Mytown Trust    00000000
1123-456123456789N500000000060Property Owner                  Mytown Property   123-456987654321Mytown Trust    00000000
1123-456123456789N500000000250Property Tenant Two             Mytown Property   123-456987654321Mytown Trust    00000000
1123-456123456789N500000000910Mytown Trust                    Batch 155         123-456987654321Mytown Trust    00000000
7999-999            000000000000000009100000000910                        000002                                        
