0                 01MBL       Mytown Trust              000000Disburse    2023-05-05                                        
1123-456123456789N500000001250MyDay Owner one                 Mytown Property   123-456987654321Mytown Trust    00000000
1123-456123456789N500000001250Mytown Trust                    Batch 155         123-456987654321Mytown Trust    00000000
7999-999            000000000000000012500000001250                        000002                                        
