0                 01MBL       Mytown Trust              000000Disburse    2023-05-09                                        
1123-456123456789N500000001950MyDay Owner one                 Mytown Property   123-456987654321Mytown Trust    00000000
1123-456123456789N500000001950MyDay Owner one                 Mytown Property   123-456987654321Mytown Trust    00000000
1123-456123456789N500000001950MyDay Owner one                 Mytown Property   123-456987654321Mytown Trust    00000000
1123-456123456789N500000009170MyDay Owner one                 Mytown Property   123-456987654321Mytown Trust    00000000
1123-456123456789N500000008170MyDay Owner one                 Mytown Property   123-456987654321Mytown Trust    00000000
1123-456123456789N500000006170MyDay Owner one                 Mytown Property   123-456987654321Mytown Trust    00000000
1123-456123456789N500000029360Mytown Trust                    Batch 155         123-456987654321Mytown Trust    00000000
7999-999            000000000000000293600000029360                        000002                                        
