0                 01UCB       United Bank               001100Disburse    2023-12-28                                        
1344-4340000445455N500000002000Walt Disney                     Mytown Property   123-456987654321Mytown Trust    00000000
1123-456123456789N500000002000Mytown Trust                    Batch 155         123-456987654321Mytown Trust    00000000
7999-999            000000000000000020000000002000                        000002                                        
