0                 01UCB       United Bank               001100Disburse    281223                                        
1344-4340000445455N500000001200Walt Disney                     Trust Bank   123-456987654321United Bank                   00000000
1123-456123456789N500000001200United Bank                                   Batch 155         123-456987654321United Bank                   00000000
7999-999            000000000000000012000000001200                        000002                                        
