0                 01MBL       Mytown Trust              000000Disburse    2023-05-31                                        
1123-456123456789N500000000150Property Tenant Two             Mytown Property   123-456987654321Mytown Trust    00000000
1123-456123456789N500000000150Mytown Trust                    Batch 155         123-456987654321Mytown Trust    00000000
7999-999            000000000000000001500000000150                        000002                                        
