0                 01UCB       United Bank               001100Disburse    281223                                        
1345-3450000435435N500000004000Lofty  Avenue - Avenue          Trust Bank   United Bank                   00000000
1N500000004000United Bank                                   Batch 16         United Bank                   00000000
7999-999            000000000000000040000000004000                        000002                                        
