0                 01UCB       United Bank               001100Disburse    281223                                        
1345-3450000435435N500000003000Lofty  Avenue - Avenue          Trust Bank   -United Bank                   00000000
1-N500000003000United Bank                                   Batch 14         -United Bank                   00000000
7999-999            000000000000000030000000003000                        000002                                        
