0                 01MBL       Mytown Trust              000000Disburse    2023-05-08                                        
1123-456123456789N500000006096MyDay Owner one                 Mytown Property   123-456987654321Mytown Trust    00000000
1123-456123456789N500000006170MyDay Owner one                 Mytown Property   123-456987654321Mytown Trust    00000000
1123-456123456789N500000012266Mytown Trust                    Batch 155         123-456987654321Mytown Trust    00000000
7999-999            000000000000000122660000012266                        000002                                        
