0                 01MBL       Mytown Trust              000000Disburse    110523                                        
1123-456 12345678N500000044950Brad Cassidy                    Mytown Property   123-456987654321Mytown Trust    00000000
1123-456123456789N500000017360Lola Parks                      Mytown Property   123-456987654321Mytown Trust    00000000
1123-456987654321N130000062310Mytown Trust                    Batch 154         123-456987654321Mytown Trust    00000000
7999-999            000000000000000623100000062310                        000003                                        
